@article{Silver_2016,
  added-at = {2016-03-11T14:36:05.000+0100},
  author = {Silver, David and Huang, Aja and Maddison, Chris J. and Guez, Arthur and Sifre, Laurent and van den Driessche, George and Schrittwieser, Julian and Antonoglou, Ioannis and Panneershelvam, Veda and Lanctot, Marc and Dieleman, Sander and Grewe, Dominik and Nham, John and Kalchbrenner, Nal and Sutskever, Ilya and Lillicrap, Timothy and Leach, Madeleine and Kavukcuoglu, Koray and Graepel, Thore and Hassabis, Demis},
  biburl = {https://www.bibsonomy.org/bibtex/29e987f58d895c490144693139cbc90c7/ytyoun},
  doi = {10.1038/nature16961},
  interhash = {48430c7891aaf9fe2582faa8f5d076c1},
  intrahash = {9e987f58d895c490144693139cbc90c7},
  journal = {Nature},
  keywords = {baduk go google},
  month = jan,
  number = 7587,
  pages = {484--489},
  publisher = {Nature Publishing Group},
  timestamp = {2016-03-11T14:37:40.000+0100},
  title = {Mastering the Game of {Go} with Deep Neural Networks and Tree Search},
  volume = 529,
  year = 2016
}

